<?xml version="1.0" encoding="UTF-8"?><collection><record><leader>06820ntm a2200517 a 4500</leader><controlfield tag="001">006769618</controlfield><controlfield tag="003">MiAaHDL</controlfield><controlfield tag="005">20190719000000.0</controlfield><controlfield tag="006">m        d        </controlfield><controlfield tag="007">cr bn ---auaua</controlfield><controlfield tag="008">090506q14101431xx            00| ||ara d</controlfield><datafield tag="035" ind1=" " ind2=" "><subfield code="a">(MiU)006769618</subfield></datafield><datafield tag="035" ind1=" " ind2=" "><subfield code="a">sdr-miu006769618</subfield></datafield><datafield tag="040" ind1=" " ind2=" "><subfield code="a">MiU</subfield><subfield code="c">MiU</subfield><subfield code="e">amremm</subfield></datafield><datafield tag="043" ind1=" " ind2=" "><subfield code="a">n-us-mi</subfield></datafield><datafield tag="100" ind1="1" ind2=" "><subfield code="6">880-01</subfield><subfield code="a">Taftāzānī, Masʻūd ibn ʻUmar,</subfield><subfield code="d">1322-1389?</subfield></datafield><datafield tag="245" ind1="1" ind2="0"><subfield code="6">880-02</subfield><subfield code="a">[Mukhtaṣar fī al-maʻānī,</subfield><subfield code="f">early 15th century].</subfield></datafield><datafield tag="246" ind1="3" ind2=" "><subfield code="i">From inscription on front flyleaf (p.1)</subfield><subfield code="a">مختصر</subfield></datafield><datafield tag="260" ind1=" " ind2=" "><subfield code="c">[1410-1431?].</subfield></datafield><datafield tag="300" ind1=" " ind2=" "><subfield code="a">161 leaves :</subfield><subfield code="b">paper ;</subfield><subfield code="c">180 x 140 (125 x 85) mm. bound to 180 x 142 mm.</subfield></datafield><datafield tag="500" ind1=" " ind2=" "><subfield code="a">Shelfmark: Ann Arbor, University of Michigan, Special Collections Library, Isl. Ms. 147</subfield></datafield><datafield tag="500" ind1=" " ind2=" "><subfield code="a">Origin: Lacks dated colophon ; paper, hand, etc. suggests early 15th century, ca. 1410-1417 ; dated statement on 'title page' provides a rough terminus ante quem of 1431.</subfield></datafield><datafield tag="500" ind1=" " ind2=" "><subfield code="a">Accompanying materials: A few slips carrying notes, glosses, etc. (paginated pp.115-116, pp.183-184, and pp.205-206).</subfield></datafield><datafield tag="500" ind1=" " ind2=" "><subfield code="a">Former shelfmark: British Museum, London "No. 99. Al-Mukhtasar of Taftazani." ; "٤١٣" on tail of textblock.</subfield></datafield><datafield tag="500" ind1=" " ind2=" "><subfield code="a">Binding: Pasteboards covered in dark brown leather ; Type III binding (without flap) ; board linings in laid paper ; upper and lower covers bear border in tooled fillets and faint central motif resembling an inverted lamp ; sewn in heavy cream thread, two stations ; worked endbands in cream and dark brown or black, intact and in fair condition ; overall in poor condition with abrasion, staining, lifting of leather, delamination of boards, some negative draw in both upper and lower cover, some spine slant (slightly cocked), etc. ; repairs in tan leather.</subfield></datafield><datafield tag="500" ind1=" " ind2=" "><subfield code="a">Support: Mainly European laid paper with 8 laid lines per cm. (vertical), chain lines spaced 32 mm. apart (horizontal), and gothic 'R' (in two lines) watermark (see p.94, 176, 202, 210, 250, 260, 268 274, 300, etc. and compare Briquet 8968 dated 1410, Piccard nos. 29028, 29029, and 29031 dated 1410, Piccard no.29027 dated 1416, and Briquet 8969 dated 1417) ; also, toward close and here and there throughout codex, non-European (likely Arab), non-watermarked laid paper with grouped chain lines, perhaps in a couple of types, mainly with chain lines grouped in threes with 8-9 mm. between the chains (horizontal) and 46 mm. between the groups, 8-9 laid lines per cm. (vertical, see p.286, 318, etc.) but also with chain lines grouped in threes with 9-12 mm. between the chains (horizontal), 40-42 mm. between groups, and 7 laid lines per cm. (vertical, see p.220).</subfield></datafield><datafield tag="500" ind1=" " ind2=" "><subfield code="a">Decoration: Some section headings rubricated ; overlining in red ; occasional textual dividers in the form of red discs.</subfield></datafield><datafield tag="500" ind1=" " ind2=" "><subfield code="a">Script: Naskh ; bold hand with influence of nastaʻlīq ; virtually serifless, though occasional head serif appears on alif of lām alif ligature ; slight effect of tilt to the right ; mainly closed counters ; some elongation of horizontal strokes ; freely ligatured with final tāʼ marbūtah assimilated with preceding rāʼ and lām alif ligatured occasionally forming a closed loop ; alif maqṣūrah often mardūdah ; kāf mashkūlah (mashqūqah) preferred.</subfield></datafield><datafield tag="500" ind1=" " ind2=" "><subfield code="a">Layout: Written in 17 lines per page ; frame-ruled.</subfield></datafield><datafield tag="500" ind1=" " ind2=" "><subfield code="a">Collation: i, IV (8), IV+1 (17), 3 IV(41), III (47), 13 IV(151), IV-1+1 (161) ; chiefly quaternions ; final leaf replaced ; proper catchwords mainly present but occasionally lacking (though last word of final line on the verso of the leaf is repeated at the beginning of the first line on the following recto) ; foliation in black ink, Hindu-Arabic numerals ; pagination in pencil, Western numerals, supplied during digitization (includes front flyleaf and inserts).</subfield></datafield><datafield tag="500" ind1=" " ind2=" "><subfield code="a">Explicit: "مشتملة على لفظ الفاتحة ومنطوية على حسن الخاتمة ختم الله لنا بالحسنى ويسر لنا الفوز بالذخر الاسنى بحق النبي صلى الله عليه وعلى اله واصحابه اجمعين تمت الكتاب بعون الملك الوهاب"</subfield></datafield><datafield tag="500" ind1=" " ind2=" "><subfield code="a">Incipit: "نحمدك يا من شرح صدورنا لتلخيص البيان في ايضاح المعاني ... وبعد فيقول الفقير الى الله الغني مسعود بن عمر المدعو بسعد التفتازاني ... قد شرحت فيما مضى تلخيص المفتاح"</subfield></datafield><datafield tag="500" ind1=" " ind2=" "><subfield code="a">Title supplied by cataloguer.</subfield></datafield><datafield tag="500" ind1=" " ind2=" "><subfield code="a">Ms. codex.</subfield></datafield><datafield tag="510" ind1="4" ind2=" "><subfield code="a">Brockelmann, C. GAL,</subfield><subfield code="c">I, 295 ; SI</subfield></datafield><datafield tag="520" ind1="8" ind2=" "><subfield code="a">Shorter commentary by al-Taftāzānī on Talkhīṣ al-Miftāḥ by Jalāl al-Dīn al-Qazwīnī (d. 739/1338), an abridgment of the third part of Miftāḥ al-ʻulūm by al-Sakkākī (d. 626/1229), on ʻIlm al-maʻānī wa-al-bayān.</subfield></datafield><datafield tag="538" ind1=" " ind2=" "><subfield code="a">Mode of access: Internet.</subfield></datafield><datafield tag="541" ind1=" " ind2=" "><subfield code="c">Purchase ;</subfield><subfield code="a">Acquired by purchase (funds donated by Horace Rackham).</subfield><subfield code="d">1924.</subfield></datafield><datafield tag="546" ind1=" " ind2=" "><subfield code="a">Arabic.</subfield></datafield><datafield tag="561" ind1=" " ind2=" "><subfield code="a">Bookplate of British Museum, London on interior of upper cover, "British Museum, London. No. 99. Al-Mukhtasar of Taftazani." ; circular seal impression with figure of goat/gazelle in purple ink as well as inscription "453" in Western numerals on front flyleaf (p.1) ; ownership statement on front flyleaf (p.1) reads "صاحب ومالك هذا المختصر محمد ..." ; circular waqf-seal impression in black ink appears on ’title page’ (p.3) and several places throughout, reads: "هذا وقف الراجي فيض الصمدي الشيخ احمد ضيا الدين ابن مصطفى الخالدي فمن بدله بعد ما سمعه فانما اثمه على الذين يبدلونه" in name of Aḥmad Ḍiyāʼ al-Dīn ibn Muṣṭafá al-Khālidī (i.e. Ahmed Ziyâüddîn Gümüşhanevî, d. 1893 or 4) ; statement on 'title page' (p.3) dated 4 [?] Shaʻbān 834 [ca. 17 April 1431] "... يوسف بن مصطفى بن ابراهيم ... حسنا ليلة الثلثاء الرابعة ... شعبان ... شهر النبي عليه السلام ... عمر هذا المولود الشريف بالخير والسعادة ... تاريخ سنة اربع وثلثين وثمانمائة" ; faint circular seal impression on p.328 ; extensive glosses ; occasional corrections.</subfield></datafield><datafield tag="600" ind1="1" ind2="0"><subfield code="a">Qazwīnī, Jalāl al-Dīn Muḥammad ibn ʻAbd al-Raḥmān,</subfield><subfield code="d">1267 or 8-1338.</subfield><subfield code="t">Talkhīṣ al-Miftāḥ.</subfield></datafield><datafield tag="650" ind1=" " ind2="0"><subfield code="a">Manuscripts, Arabic</subfield><subfield code="z">Michigan</subfield><subfield code="z">Ann Arbor.</subfield></datafield><datafield tag="650" ind1=" " ind2="0"><subfield code="a">Arabic language</subfield><subfield code="x">Rhetoric</subfield><subfield code="v">Early works to 1800.</subfield></datafield><datafield tag="773" ind1="0" ind2=" "><subfield code="a">Tiflis Collection.</subfield></datafield><datafield tag="880" ind1="1" ind2="0"><subfield code="6">245-02/</subfield><subfield code="a">[مختصر في المعاني,</subfield><subfield code="f">اوائل القرن 15م].</subfield></datafield><datafield tag="880" ind1="1" ind2=" "><subfield code="6">100-01/</subfield><subfield code="a">.تفتازاني، مسعود بن عمر</subfield></datafield><datafield tag="CID" ind1=" " ind2=" "><subfield code="a">006769618</subfield></datafield><datafield tag="DAT" ind1="0" ind2=" "><subfield code="a">20190719102635.0</subfield><subfield code="b">20190719000000.0</subfield></datafield><datafield tag="DAT" ind1="1" ind2=" "><subfield code="a">20190719090653.0</subfield><subfield code="b">2019-07-19T16:11:03Z</subfield></datafield><datafield tag="DAT" ind1="2" ind2=" "><subfield code="a">2015-10-02T18:00:03Z</subfield></datafield><datafield tag="CAT" ind1=" " ind2=" "><subfield code="a">SDR-MIU</subfield><subfield code="d">EX LIBRIS - ALEPH</subfield><subfield code="l">prepare.pl-004-008</subfield></datafield><datafield tag="FMT" ind1=" " ind2=" "><subfield code="a">BK</subfield></datafield><datafield tag="HOL" ind1=" " ind2=" "><subfield code="0">sdr-miu006769618</subfield><subfield code="a">MiU</subfield><subfield code="b">SDR</subfield><subfield code="c">MIU</subfield><subfield code="p">mdp.39015079125947</subfield><subfield code="s">MIU</subfield><subfield code="1">006769618</subfield></datafield><datafield tag="974" ind1=" " ind2=" "><subfield code="b">MIU</subfield><subfield code="c">MIU</subfield><subfield code="d">20190719</subfield><subfield code="s">lit-dlps-dc</subfield><subfield code="u">mdp.39015079125947</subfield><subfield code="y">1431</subfield><subfield code="r">pd</subfield><subfield code="q">bib</subfield><subfield code="t">non-US bib date2 &lt; 1879</subfield></datafield></record></collection>